<record><leader>01941nam a2200493 a 4500</leader><controlfield tag="001">6659415</controlfield><controlfield tag="003">OCoLC</controlfield><controlfield tag="005">20140808121550.0</controlfield><controlfield tag="006">m     o  d        </controlfield><controlfield tag="007">cr unu</controlfield><controlfield tag="008">140808s2015    caua    o     001 0 eng d</controlfield><datafield ind1=" " ind2=" " tag="020"><subfield code="a">9780133904505</subfield></datafield><datafield ind1=" " ind2=" " tag="020"><subfield code="a">0133904504</subfield></datafield><datafield ind1=" " ind2=" " tag="020"><subfield code="z">9780133904390</subfield></datafield><datafield ind1=" " ind2=" " tag="035"><subfield code="a">ocn885593745</subfield></datafield><datafield ind1=" " ind2=" " tag="037"><subfield code="a">CL0500000461</subfield><subfield code="b">Safari Books Online</subfield></datafield><datafield ind1=" " ind2=" " tag="039"><subfield code="a">exclude</subfield></datafield><datafield ind1=" " ind2=" " tag="040"><subfield code="a">UMI</subfield><subfield code="c">UMI</subfield><subfield code="d">AEU</subfield></datafield><datafield ind1=" " ind2="4" tag="050"><subfield code="a">Z253.532.A34</subfield><subfield code="b">A686 2015</subfield></datafield><datafield ind1=" " ind2=" " tag="090"><subfield code="a">Internet Access</subfield><subfield code="b">AEGMCT</subfield></datafield><datafield ind1=" " ind2=" " tag="090"><subfield code="a">Internet Access</subfield><subfield code="b">AEU</subfield></datafield><datafield ind1="1" ind2=" " tag="100"><subfield code="a">Anton, Kelly Kordes.</subfield></datafield><datafield ind1="1" ind2="0" tag="245"><subfield code="a">Adobe InDesign CC classroom in a book (2014 release)</subfield><subfield code="h">[electronic resource] :</subfield><subfield code="b">the official training workbook from Adobe /</subfield><subfield code="c">Kelly Kordes Anton and John Cruise, B&#275; Shakoor Bukhuth.</subfield></datafield><datafield ind1="3" ind2=" " tag="246"><subfield code="a">Adobe InDesign Creative Cloud classroom in a book (2014 relase)</subfield></datafield><datafield ind1="3" ind2="0" tag="246"><subfield code="a">InDesign CC classroom in a book</subfield></datafield><datafield ind1=" " ind2=" " tag="260"><subfield code="a">[San Francisco] :</subfield><subfield code="b">Peachpit,</subfield><subfield code="c">c2015.</subfield></datafield><datafield ind1=" " ind2=" " tag="300"><subfield code="a">1 online resource (1 v.) :</subfield><subfield code="b">ill.</subfield></datafield><datafield ind1=" " ind2=" " tag="336"><subfield code="a">text</subfield><subfield code="b">txt</subfield><subfield code="2">rdacontent</subfield></datafield><datafield ind1=" " ind2=" " tag="337"><subfield code="a">computer</subfield><subfield code="b">c</subfield><subfield code="2">rdamedia</subfield></datafield><datafield ind1=" " ind2=" " tag="338"><subfield code="a">online resource</subfield><subfield code="b">cr</subfield><subfield code="2">rdacarrier</subfield></datafield><datafield ind1="1" ind2=" " tag="490"><subfield code="a">Classroom in a book.</subfield></datafield><datafield ind1=" " ind2=" " tag="500"><subfield code="a">Place of publication from publisher's website.</subfield></datafield><datafield ind1=" " ind2=" " tag="500"><subfield code="a">Includes index.</subfield></datafield><datafield ind1=" " ind2=" " tag="506"><subfield code="a">Access restricted to authorized users and institutions.</subfield></datafield><datafield ind1=" " ind2=" " tag="588"><subfield code="a">Description based on online resource; title from title page (Safari, viewed July 24, 2014).</subfield></datafield><datafield ind1=" " ind2=" " tag="596"><subfield code="a">44</subfield></datafield><datafield ind1="0" ind2="0" tag="630"><subfield code="a">Adobe InDesign (Electronic resource)</subfield></datafield><datafield ind1=" " ind2="0" tag="650"><subfield code="a">Desktop publishing.</subfield></datafield><datafield ind1="1" ind2=" " tag="700"><subfield code="a">Cruise, John.</subfield></datafield><datafield ind1="1" ind2=" " tag="700"><subfield code="a">Bukhuth, Shakoor.</subfield></datafield><datafield ind1=" " ind2="0" tag="830"><subfield code="a">Classroom in a book.</subfield></datafield><datafield ind1="4" ind2="0" tag="856"><subfield code="3">University of Alberta Access</subfield><subfield code="u">http://proquest.safaribooksonline.com/?uiCode=ualberta&amp;xmlId=9780133904505</subfield></datafield><datafield ind1=" " ind2=" " tag="949"><subfield code="a">Internet Access</subfield><subfield code="h">UAIN</subfield><subfield code="m">GR_MAC_INT</subfield><subfield code="z">SAFMAC</subfield></datafield><datafield ind1=" " ind2=" " tag="926"><subfield code="a">Internet Access</subfield><subfield code="w">LC</subfield><subfield code="c">1</subfield><subfield code="i">6659415-1001</subfield><subfield code="l">INTERNET</subfield><subfield code="m">UAINTERNET</subfield><subfield code="r">Y</subfield><subfield code="s">Y</subfield><subfield code="t">E-RESOURCE</subfield><subfield code="u">8/12/2014</subfield><subfield code="x">E-BOOK</subfield><subfield code="z">SAFARI</subfield></datafield></record>